<record><leader>00000cas a22000007a 4500</leader><controlfield tag="001">17415310</controlfield><controlfield tag="008">880201d19141914ohudn ne      0    0eng d</controlfield><datafield ind1=" " ind2=" " tag="010"><subfield code="a">sn 88078221 </subfield></datafield><datafield ind1=" " ind2=" " tag="040"><subfield code="a">ONP</subfield><subfield code="b">eng</subfield><subfield code="c">ONP</subfield><subfield code="d">OCLCQ</subfield><subfield code="d">OCLCF</subfield><subfield code="d">OCLCO</subfield></datafield><datafield ind1="1" ind2=" " tag="029"><subfield code="a">AU@</subfield><subfield code="b">000025785629</subfield></datafield><datafield ind1=" " ind2=" " tag="042"><subfield code="a">msc</subfield></datafield><datafield ind1=" " ind2=" " tag="043"><subfield code="a">n-us-oh</subfield></datafield><datafield ind1="0" ind2="0" tag="245"><subfield code="a">Coshocton times-age.</subfield></datafield><datafield ind1=" " ind2=" " tag="260"><subfield code="a">Coshocton, O. [Ohio] :</subfield><subfield code="b">Times Age Pub. Co.,</subfield><subfield code="c">1914.</subfield></datafield><datafield ind1=" " ind2=" " tag="300"><subfield code="a">v.</subfield></datafield><datafield ind1=" " ind2=" " tag="310"><subfield code="a">Daily (except Sun.)</subfield></datafield><datafield ind1="0" ind2=" " tag="362"><subfield code="a">New ser. v. 1, no. 1 (Mar. 16, 1914)-new ser. v. 2, no. 50 (Aug. 31, 1914).</subfield></datafield><datafield ind1=" " ind2=" " tag="580"><subfield code="a">Weekly ed.: Coshocton weekly times-age.</subfield></datafield><datafield ind1=" " ind2="0" tag="651"><subfield code="a">Coshocton (Ohio)</subfield><subfield code="v">Newspapers.</subfield></datafield><datafield ind1=" " ind2="0" tag="651"><subfield code="a">Coshocton County (Ohio)</subfield><subfield code="v">Newspapers.</subfield></datafield><datafield ind1=" " ind2="7" tag="655"><subfield code="a">Newspapers.</subfield><subfield code="2">fast</subfield><subfield code="0">(OCoLC)fst01423814</subfield></datafield><datafield ind1=" " ind2="7" tag="651"><subfield code="a">Ohio</subfield><subfield code="z">Coshocton.</subfield><subfield code="2">fast</subfield><subfield code="0">(OCoLC)fst01220859</subfield></datafield><datafield ind1=" " ind2="7" tag="651"><subfield code="a">Ohio</subfield><subfield code="z">Coshocton County.</subfield><subfield code="2">fast</subfield><subfield code="0">(OCoLC)fst01218107</subfield></datafield><datafield ind1=" " ind2=" " tag="752"><subfield code="a">United States</subfield><subfield code="b">Ohio</subfield><subfield code="c">Coshocton</subfield><subfield code="d">Coshocton.</subfield></datafield><datafield ind1="1" ind2=" " tag="775"><subfield code="t">Coshocton weekly times-age</subfield></datafield><datafield ind1="0" ind2="4" tag="780"><subfield code="t">Coshocton daily times</subfield><subfield code="w">(DLC)sn 88078219</subfield></datafield><datafield ind1="0" ind2="4" tag="780"><subfield code="t">Coshocton daily age</subfield><subfield code="w">(DLC)sn 88078215</subfield></datafield><datafield ind1="0" ind2="0" tag="785"><subfield code="t">Times-age (Coshocton, Ohio)</subfield><subfield code="w">(DLC)sn 88078220</subfield></datafield></record>